@article{paper,
  title={A universal predictor based on pattern matching},
  author={Jacquet, Philippe and Szpankowski, Wojciech and Apostol, Izydor},
  journal={IEEE Transactions on Information Theory},
  volume={48},
  number={6},
  pages={1462--1472},
  year={2002},
  publisher={IEEE}
}

@article{basic_algo,
  title={A Pseudorandom Sequence--How Random Is It?},
  author={Ehrenfeucht, Andrzej and Mycielski, Jan},
  journal={The American Mathematical Monthly},
  volume={99},
  number={4},
  pages={373--375},
  year={1992},
  publisher={JSTOR}
}
